<?xml version="1.0" encoding="utf-8"?>
<record xmlns="http://www.loc.gov/MARC21/slim" xmlns:xsi="http://www.w3.org/2001/XMLSchema-instance" xsi:schemaLocation="http://www.loc.gov/MARC21/slim http://www.loc.gov/standards/marcxml/schema/MARC21slim.xsd">
	<leader>     nam a22     Mi 4500</leader>
	<controlfield tag="001">6317</controlfield>
	<controlfield tag="003">aeadna</controlfield>
	<controlfield tag="006">m        d        </controlfield>
	<controlfield tag="007">cr cn |||m|||a</controlfield>
	<controlfield tag="008">220328s1926||||ua     fo    n001 mdara|d</controlfield>
	<datafield ind1=" " ind2=" " tag="040">
		<subfield code="a">ZYU</subfield>
		<subfield code="b">ara</subfield>
		<subfield code="c">ZYU</subfield>
	</datafield>
	<datafield ind1="0" ind2=" " tag="041">
		<subfield code="a">ara</subfield>
	</datafield>
	<datafield ind1=" " ind2="4" tag="050">
		<subfield code="a">PJ6031</subfield>
		<subfield code="b">.Q3 1926</subfield>
	</datafield>
	<datafield ind1="1" ind2="0" tag="082">
		<subfield code="a">810.8</subfield>
		<subfield code="b">21</subfield>
	</datafield>
	<datafield ind1="1" ind2=" " tag="100">
		<subfield code="6">880-01</subfield>
		<subfield code="a">Qālī, Abū ʻAlī Ismāʻīl ibn al-Qāsim,</subfield>
		<subfield code="d">901?-967?</subfield>
	</datafield>
	<datafield ind1="0" ind2="0" tag="245">
		<subfield code="6">880-02</subfield>
		<subfield code="a">Kitāb al-Amalī</subfield>
		<subfield code="h">[electronic resource] /</subfield>
		<subfield code="c">Abī ʻAlī Ismāʻīl ibn al-Qāsim al-Qālī al-Baghdādī. Wa-yalīhi &quot;al-Dhayl wa-al-nawādir&quot; lil-muʼallif. Wa-Kitāb &quot;al-Tanbīh&quot; li-Abī ʻUbayd al-Bakrī. Wa-fahāris bi-asmāʼ al-aʻlām wa-al-qabāʼil wa-al-amākin wa-qawāfī al-abyāt wa-ghayra dhālik.</subfield>
	</datafield>
	<datafield ind1="3" ind2="0" tag="246">
		<subfield code="6">880-03</subfield>
		<subfield code="a">al-Amali</subfield>
	</datafield>
	<datafield ind1=" " ind2=" " tag="260">
		<subfield code="6">880-04</subfield>
		<subfield code="a">al-Qāhirah :</subfield>
		<subfield code="b">Maṭbaʻat Dār al-Kutub al-Miṣrīyah,</subfield>
		<subfield code="c">1926.</subfield>
	</datafield>
	<datafield ind1=" " ind2=" " tag="300">
		<subfield code="6">880-05</subfield>
		<subfield code="a">online resource (2 v. in 1)</subfield>
	</datafield>
	<datafield ind1=" " ind2=" " tag="500">
		<subfield code="a">Non-Latin script record</subfield>
	</datafield>
	<datafield ind1=" " ind2=" " tag="500">
		<subfield code="a">Part of the Arabic Collections Online (ACO) project, contributed by United Arab Emirates National Archives.</subfield>
	</datafield>
	<datafield ind1=" " ind2=" " tag="533">
		<subfield code="a">Electronic reproduction.</subfield>
		<subfield code="b">New York, N.Y. :</subfield>
		<subfield code="c">New York University,</subfield>
		<subfield code="d">2022.</subfield>
		<subfield code="5">NNU</subfield>
	</datafield>
	<datafield ind1=" " ind2="0" tag="650">
		<subfield code="6">880-06</subfield>
		<subfield code="a">Arabic philology</subfield>
		<subfield code="y">Early works to 1800.</subfield>
	</datafield>
	<datafield ind1=" " ind2="0" tag="650">
		<subfield code="6">880-07</subfield>
		<subfield code="a">Arabic literature</subfield>
		<subfield code="v">Collections</subfield>
		<subfield code="y">Early works to 1800.</subfield>
	</datafield>
	<datafield ind1=" " ind2="0" tag="650">
		<subfield code="6">880-08</subfield>
		<subfield code="a">Proverbs, Arabic</subfield>
		<subfield code="v">collections</subfield>
		<subfield code="v">Early works to 1800.</subfield>
	</datafield>
	<datafield ind1="1" ind2=" " tag="700">
		<subfield code="6">880-09</subfield>
		<subfield code="a">Bakrī, Abū ʻUbayd ʻAbd Allāh ibn ʻAbd al-ʻAzīz,</subfield>
		<subfield code="d">1040-1094.</subfield>
		<subfield code="t">al-Tanbīh</subfield>
	</datafield>
	<datafield ind1="2" ind2=" " tag="710">
		<subfield code="a">Abu Dhabi (United Arab Emirates).</subfield>
		<subfield code="b">National Archives.</subfield>
	</datafield>
	<datafield ind1="0" ind2=" " tag="730">
		<subfield code="a">Arabic Collections Online.</subfield>
	</datafield>
	<datafield ind1="2" ind2=" " tag="740">
		<subfield code="6">880-10</subfield>
		<subfield code="a">Kitāb Dhayl al-Amali wa-al-nawādir</subfield>
	</datafield>
	<datafield ind1="2" ind2=" " tag="740">
		<subfield code="6">880-11</subfield>
		<subfield code="a">Dhayl al-Amali wa-al-nawādir</subfield>
	</datafield>
	<datafield ind1="2" ind2=" " tag="740">
		<subfield code="6">880-12</subfield>
		<subfield code="a">Kitāb al-Tanbīh ʻalá awhām Abī ʻAlī al-qālī fī Amālīh.</subfield>
	</datafield>
	<datafield ind1="2" ind2=" " tag="740">
		<subfield code="6">880-13</subfield>
		<subfield code="a">Tanbīh ʻalá awhām Abī ʻAlī al-qālī fī Amālīh</subfield>
	</datafield>
	<datafield ind1="2" ind2=" " tag="740">
		<subfield code="6">880-14</subfield>
		<subfield code="a">Dhayl wa-al-nawādir</subfield>
	</datafield>
	<datafield ind1="2" ind2=" " tag="740">
		<subfield code="6">880-15</subfield>
		<subfield code="a">al-Tanbīh</subfield>
	</datafield>
	<datafield ind1="0" ind2=" " tag="775">
		<subfield code="6">880-16</subfield>
		<subfield code="a">Qālī, Abū ʻAlī Ismāʻīl ibn al-Qāsim,</subfield>
		<subfield code="d">Bayrūt : Dār al-Afāq al-Jadīdah, 1980 m.</subfield>
		<subfield code="t">Kitāb al-Amalī</subfield>
	</datafield>
	<datafield ind1="0" ind2="8" tag="776">
		<subfield code="i">Print version:</subfield>
		<subfield code="a">Qālī, Abū ʻAlī Ismāʻīl ibn al-Qāsim, 901?-967?</subfield>
		<subfield code="t">Kitāb al-Amalī</subfield>
		<subfield code="w">(aeadna)6317</subfield>
	</datafield>
	<datafield ind1="4" ind2="0" tag="856">
		<subfield code="u">http://hdl.handle.net/2333.1/c2fqzhvq</subfield>
	</datafield>
	<datafield ind1="1" ind2=" " tag="880">
		<subfield code="6">100-01</subfield>
		<subfield code="a">القالي، أبوعلي إسماعيل بن القاسم،</subfield>
		<subfield code="d">901؟-967؟.</subfield>
	</datafield>
	<datafield ind1="0" ind2="0" tag="880">
		<subfield code="6">245-02</subfield>
		<subfield code="a">كتاب الآمالي /</subfield>
		<subfield code="c">ابي علي اسماعيل بن القاسم القالي البغدادي. ويليه &quot;الذيل والنوادر&quot; للمؤلف. وكتاب &quot;التنبيه&quot; لابي عبيد البكري. وفهارس باسماء الاعلام والقبائل والاماكن وقوافي الابيات وغير ذلك..</subfield>
	</datafield>
	<datafield ind1="3" ind2="0" tag="880">
		<subfield code="6">246-03</subfield>
		<subfield code="a">الأمالي</subfield>
	</datafield>
	<datafield ind1=" " ind2=" " tag="880">
		<subfield code="6">260-04</subfield>
		<subfield code="a">القاهرة:</subfield>
		<subfield code="b">مطبعة دار الكتب المصرية،</subfield>
		<subfield code="c">1926 م.</subfield>
	</datafield>
	<datafield ind1=" " ind2=" " tag="880">
		<subfield code="6">300-05</subfield>
		<subfield code="a">2 ج. في 1 ؛</subfield>
		<subfield code="c">26 سم.</subfield>
	</datafield>
	<datafield ind1=" " ind2=" " tag="880">
		<subfield code="6">500-00</subfield>
		<subfield code="a">نبذة من سيرة المؤلف : ولد أبو علي إسماعيل بن القاسم بن عيذون بن هارون بن عيسى بن محمد بن سلمان القالي في منازكرد من أعمال ديار بكر عام 288 هـ. جده سلمان كان مولى لمحمد بن عبد الملك بن مروان وفد إلى بغداد عام 303 هـ[5] في صحبة قوم في قرية &amp;#xab;قالي قلا&amp;#xbb; من أعمال أرمينية، فُنسب إليها. سمع من أبي القاسم البغوي وأبي سعيد الحسن بن علي العدوي وأبي بكر بن أبي داود السجستاني وابن دريد وأبي إسحاق الزجاج ونفطويه وابن الأنباري وابن درستويه.  ثم رحل أبو علي القالي إلى الأندلس فدخل قرطبة في 27 شعبان 330 هـ في عهد الخليفة عبد الرحمن الناصر لدين الله. وفي زمن إقامته في الأندلس، أدناه ولي العهد الحكم منه، وأغدق عليه المال لينّشطه على التأليف. وقد انتشر علمه فيها، وروى عنه عبد الله بن الربيع التميمي وأبي بكر الزبيدي وأحمد بن أبان بن سيد .توفي بقرطبة في 7 جمادى الأولى 356 هـ.</subfield>
	</datafield>
	<datafield ind1=" " ind2=" " tag="880">
		<subfield code="6">500-00</subfield>
		<subfield code="a">كتاب الذيل والنوادر (224صفحة) الطبعة الثانية، 1926م. وكتاب التنبيه على أوهام أبي علي في أماليه (132 صفحة). الطبعة الأولى، 1926م.</subfield>
	</datafield>
	<datafield ind1=" " ind2=" " tag="880">
		<subfield code="6">500-00</subfield>
		<subfield code="a">طبع على نفقة  ملتزمه اسماعيل يوسف بن دياب</subfield>
	</datafield>
	<datafield ind1=" " ind2=" " tag="880">
		<subfield code="6">500-00</subfield>
		<subfield code="a">يليه &quot;الذيل والنوادر&quot; للمؤلف وكتاب &quot;التنبيه&quot; لأبي عبيد البكري، وفهارس بأسماء الإعلام والقبائل والأماكن وقوافي الأبيات</subfield>
	</datafield>
	<datafield ind1=" " ind2=" " tag="880">
		<subfield code="6">500-00</subfield>
		<subfield code="a">حالة الكتب المادية جيدة؛ ولكنه يحتاج إلى صيانة.</subfield>
	</datafield>
	<datafield ind1=" " ind2=" " tag="880">
		<subfield code="6">504-00</subfield>
		<subfield code="a">فهارس أبجدية لكتابي &quot;الأمالي&quot; و&quot;التنبيه&quot; وحواشيهما (224صفحة) / عني بوضعها وترتيبها محمد عبد الجواد الأصمعي: الفهرس الأبجدي الأول: أسماء الكتب الواردة في &quot;الأمالي&quot; و&quot;التنبيه&quot; وحواشيهما. والفهرس الأبجدي الثاني: بأسماء الأعلام الواردة في &quot;الأمالي&quot; و&quot;التنبيه&quot; وحواشيهما. والفهرس الأبجدي الثالث: بأسماء الأمم والقبائل والشعوب والبيوت ونحوها الواردة في &quot;الأمالي&quot; و&quot;التنبيه&quot; وحواشهما. والفهرس الأبجدي الرابع: بأسماء البلاد والمدن والمواضع والأماكن والجبال والأنهار ونحوها الواردة في &quot;الأمالي&quot; و&quot;التنبيه&quot; وحواشهما. والفهرس الأبجدي الخامس: بأسماء قوافي الأبيات الواردة في &quot;الأمالي&quot; و&quot;التنبيه&quot; وحواشهما.</subfield>
	</datafield>
	<datafield ind1="2" ind2=" " tag="880">
		<subfield code="6">520-00</subfield>
		<subfield code="a">يضم الامالي أخبارًا أدبية ومختارات من الشعر، كان يمليها أبو علي على تلاميذه. ويقف الكاتب من القارئ موقف المعلم ،فما يكاد يرد فيه نص شعرا أو نثرا إلا واتبعه المؤلف بشرح مستفيض ،وكان أبو علي يعمد إلى الاتيان بالنصوص الصعبة، أما عن محتوى الكتاب فقد ضم كثيًرا من غريب القرآن اذ يتلو الآية ثم يعرض لألفاظھا ومعانيھا ،كما اورد الكثير من الأحاديث النبوية مع شرحھا ، وضمن كتابه كثيًرا من كلام الحكماء وأحاديث البلغاء والوصايا بأنواعھا. و اھتم  بالأمثال العربية اذ أورد كثيًرا منھا في مواطن عديدة من كتابه مع شرحھا، وبيان المناسبة التي قيلت فيھا. كما كان الكتاب غزير المحتوى للنصوص الشعرية مع عناية وذوق في اختيار النص وعرضه وشرحه ،وضم  إضافة  الأراجيز . وكان يتبع دقة في الإسناد والرواية ،اذ لا يكاد المؤلف أن يذكر نًصا إلا وقد وصل إسناده إلى صاحبه عن طريق الرواية الدقيقة.</subfield>
	</datafield>
	<datafield ind1=" " ind2=" " tag="880">
		<subfield code="6">541-00</subfield>
		<subfield code="a">الكتاب : هدية سمو الشيخ فالح بن ناصر آل ثاني إلى مكتبة مركز الوثائق والدراسات أبو ظبي.</subfield>
	</datafield>
	<datafield ind1=" " ind2="4" tag="880">
		<subfield code="6">650-06</subfield>
		<subfield code="a">فقه اللغة العربية</subfield>
		<subfield code="v">الأعمال المبكرة حتى 1800.</subfield>
	</datafield>
	<datafield ind1=" " ind2="4" tag="880">
		<subfield code="6">650-07</subfield>
		<subfield code="a">الأدب العربي</subfield>
		<subfield code="v">مجموعات</subfield>
		<subfield code="v">الأعمال المبكرة حتى 1800.</subfield>
	</datafield>
	<datafield ind1=" " ind2="4" tag="880">
		<subfield code="6">650-08</subfield>
		<subfield code="a">الأمثال العربية</subfield>
		<subfield code="v">مجموعات</subfield>
		<subfield code="v">الأعمال المبكرة حتى 1800.</subfield>
	</datafield>
	<datafield ind1="1" ind2=" " tag="880">
		<subfield code="6">700-09</subfield>
		<subfield code="a">البكري، أبو عبيد عبد الله بن عبد العزيز،</subfield>
		<subfield code="d">1040-1094.</subfield>
		<subfield code="t">التنبيه</subfield>
	</datafield>
	<datafield ind1="2" ind2=" " tag="880">
		<subfield code="6">740-10</subfield>
		<subfield code="a">كتاب ذيل الآمالي والتوادر</subfield>
	</datafield>
	<datafield ind1="2" ind2=" " tag="880">
		<subfield code="6">740-11</subfield>
		<subfield code="a">ذيل الآمالي والتوادر</subfield>
	</datafield>
	<datafield ind1="2" ind2=" " tag="880">
		<subfield code="6">740-12</subfield>
		<subfield code="a">كتاب التنبيه على أوهام أبي علي في أماليه</subfield>
	</datafield>
	<datafield ind1="2" ind2=" " tag="880">
		<subfield code="6">740-13</subfield>
		<subfield code="a">التنبيه على أوهام أبي علي في أماليه</subfield>
	</datafield>
	<datafield ind1="2" ind2=" " tag="880">
		<subfield code="6">740-14</subfield>
		<subfield code="a">الذيل والنوادر</subfield>
	</datafield>
	<datafield ind1="2" ind2=" " tag="880">
		<subfield code="6">740-15</subfield>
		<subfield code="a">التنبيه</subfield>
	</datafield>
	<datafield ind1="0" ind2=" " tag="880">
		<subfield code="6">775-16</subfield>
		<subfield code="a">القالي، أبوعلي إسماعيل بن القاسم،</subfield>
		<subfield code="d">بيروت : دار الآفاق الجديدة، 1980م.</subfield>
		<subfield code="t">كتاب الآمالي /</subfield>
	</datafield>
	<datafield ind1=" " ind2=" " tag="949">
		<subfield code="a">PJ7755 .A2 1926</subfield>
		<subfield code="v">1</subfield>
		<subfield code="w">LC</subfield>
		<subfield code="i">30018000000561</subfield>
		<subfield code="u">06/23/2003</subfield>
		<subfield code="d">09/06/2010</subfield>
		<subfield code="e">01/14/2009</subfield>
		<subfield code="n">1</subfield>
		<subfield code="t">RAR</subfield>
		<subfield code="l">av</subfield>
		<subfield code="m">MAIN</subfield>
		<subfield code="j">0</subfield>
		<subfield code="x">RAR</subfield>
	</datafield>
	<datafield ind1=" " ind2=" " tag="959">
		<subfield code="a">NNU</subfield>
		<subfield code="b">WEB</subfield>
		<subfield code="c">GENI</subfield>
		<subfield code="t">0</subfield>
		<subfield code="m">Electronic access</subfield>
		<subfield code="s">01</subfield>
	</datafield>
	<datafield ind1=" " ind2=" " tag="999">
		<subfield code="i">aeadna_6317</subfield>
		<subfield code="s">uaena_aco000077:1</subfield>
		<subfield code="e">(ERROR-880)</subfield>
		<subfield code="s">uaena_aco000077:1</subfield>
	</datafield>
</record>
